% Cheatsheet: http://tug.ctan.org/info/biblatex-cheatsheet/biblatex-cheatsheet.pdf
% Documentation: https://mirror.marwan.ma/ctan/macros/latex/contrib/biblatex/doc/biblatex.pdf

@book{mogin1996,
    author    = {Mogin, Pavle and Luković, Ivan},
    title     = {Principi baza podataka},
    publisher = {Műszaki Tudományok Kara, Újvidéki Egyetem},
    address   = {Újvidék},
    year      = {1996}
}

@article{hongbo1999,
    author = {Hongbo, Du and Wery, Laurent},
    title = {Micro: A normalization tool for relational database designers},
    year = {1999},
    doi = {10.1006/jnca.1999.0096},
    journaltitle = {Journal of Network and Computer Applications},
    volume = {22},
    issue = {4},
    pages = {215--232}
}

@inproceedings{mitrovic2002,
    author = {Mitrovic, Antonija},
    title = {NORMIT: a Web-enabled tutor for database normalization},
    booktitle = {International Conference on Computers in Education},
    year = {2002},
    doi = {10.1109/CIE.2002.1186210},
    venue = {Auckland, Új-Zéland}
}

@book{mogin2004,
    author    = {Mogin, Pavle and Luković, Ivan and Govedarica, Miro},
    title     = {Principi projektovanja baza podataka},
    publisher = {Műszaki Tudományok Kara, Újvidéki Egyetem},
    address   = {Újvidék},
    year      = {2004}
}

@report{georgiev2008,
    author = {Georgiev, Nikolay},
    title = {A Web-Based Environment for Learning Normalization of Relational Database Schemata},
    type = {research},
    institution = {Umeå University},
    year = {2008}
}

@inproceedings{bahmani2008,
    author = {Bahmani, Amir and Naghibzadeh, Mahmoud and Bahmani, Behnam},
    title = {Automatic database normalization and primary key generation},
    booktitle = {2008 Canadian Conference on Electrical and Computer Engineering},
    year = {2008},
    doi = {10.1109/CCECE.2008.4564486},
    venue = {Niagara Falls, Kanada}
}

@online{ramel2015,
    author = {Ramel, David},
    title = {Relational Databases Still Reign in Enterprises, Survey Says},
    year = {2015},
    url = {https://esj.com/articles/2015/04/23/database-survey.aspx},
    urldate = {2022-03-30}
}

@book{kordic2018,
    author    = {Kordić, Slavica and Vidaković, Jovana and Čeliković, Milan and Dimitrieski, Vladimir and Luković, Ivan},
    title     = {Baze podataka - zbirka zadataka},
    publisher = {Műszaki Tudományok Kara, Újvidéki Egyetem},
    address   = {Újvidék},
    year      = {2018}
}

@online{scalegrid2019,
    organization = {ScaleGrid.io},
    title = {2019 Database Trends},
    year = {2019},
    url = {https://scalegrid.io/blog/2019-database-trends-sql-vs-nosql-top-databases-single-vs-multiple-database-use/},
    urldate = {2022-03-30}
}

@book{gajdos2019,
    author    = {Gajdos, Sándor},
    title     = {Adatbázisok},
    publisher = {Műegyetemi Kiadó},
    address   = {Budapest},
    year      = {2019},
    url       = {https://db.bme.hu/~gajdos/Adatbazisok2019.pdf},
    urldate   = {2022-01-01}
}

@online{baeldung2020,
    organization = {Baeldung},
    title = {Obtaining a Power Set of a Set in Java},
    year = {2020},
    url = {https://www.baeldung.com/java-power-set-of-a-set#3-binary-representation},
    urldate = {2021-11-01}
}

@book{khorikov2020,
    author    = {Khorikov, Vladimir},
    title     = {Unit Testing: Principles, Practices and Patterns},
    publisher = {Manning Publications Co.},
    address   = {New York},
    year      = {2020}
}

@online{ftn2021,
    organization = {Műszaki Tudományok Kara, Újvidéki Egyetem},
    title = {Adatbázisok 2},
    year = {2021},
    url = {http://ftn.uns.ac.rs/571482529/databases-2},
    urldate = {2022-03-30}
}

@collection{celikovic2021,
    editor = {Čeliković, Milan and Vještica, Marko and Jeremić, Aleksandar and Tomić, Miroslav and Hadžibabić, Aleksandar and Kiš, Gergelj},
    title = {Adatbázisok 2 - labor gyakorlatok gyűjtemény},
    year = {2021},
    location = {Újvidék},
    publisher = {Műszaki Tudományok Kara}
}

@report{loukides2022,
    author = {Loukides, Mike},
    title = {Technology Trends for 2022},
    type = {technical report},
    institution = {O'Reilly Media, Inc.},
    year = {2022},
    location = {USA},
    url = {https://www.oreilly.com/radar/technology-trends-for-2022/},
    urldate = {2022-03-30}
}


